@article{karlin1957classification,
  title={The classification of birth and death processes},
  author={Karlin, Samuel and McGregor, James},
  journal={Transactions of the American Mathematical Society},
  volume={86},
  number={2},
  pages={366--400},
  year={1957},
  publisher={JSTOR}
}